<?xml version="1.0" encoding="UTF-8"?>
<Document xmlns="urn:iso:std:iso:20022:tech:xsd:camt.053.001.02">
  <BkToCstmrStmt>
    <GrpHdr>
      <MsgId>142190000573140/000001</MsgId>
      <CreDtTm>2014-08-07T21:01:53</CreDtTm>
      <MsgRcpt>
        <Nm>BELCOBEL B V B A</Nm>
      </MsgRcpt>
      <MsgPgntn>
        <PgNb>1</PgNb>
        <LastPgInd>true</LastPgInd>
      </MsgPgntn>
    </GrpHdr>
    <Stmt>
      <Id>142190000573140/000001-000001</Id>
      <ElctrncSeqNb>139</ElctrncSeqNb>
      <LglSeqNb>139</LglSeqNb>
      <CreDtTm>2014-08-07T00:00:00</CreDtTm>
      <FrToDt>
        <FrDtTm>2014-08-07T00:00:00</FrDtTm>
        <ToDtTm>2014-08-07T00:00:00</ToDtTm>
      </FrToDt>
      <Acct>
        <Id>
          <IBAN>BE45068247889789</IBAN>
        </Id>
        <Tp>
          <Prtry>CLASSIC-REKENING</Prtry>
        </Tp>
        <Ccy>EUR</Ccy>
        <Ownr>
          <Nm>VENNOOTSCHAP VOOR SOCIAAL</Nm>
          <Id>
            <OrgId>
              <Othr>
                <Id>BE0400941184</Id>
              </Othr>
            </OrgId>
          </Id>
        </Ownr>
        <Svcr>
          <FinInstnId>
            <BIC>GKCCBEBB</BIC>
          </FinInstnId>
        </Svcr>
      </Acct>
      <Bal>
        <Tp>
          <CdOrPrtry>
            <Cd>OPBD</Cd>
          </CdOrPrtry>
        </Tp>
        <Amt Ccy="EUR">417566.74</Amt>
        <CdtDbtInd>CRDT</CdtDbtInd>
        <Dt>
          <Dt>2014-08-06</Dt>
        </Dt>
      </Bal>
      <Bal>
        <Tp>
          <CdOrPrtry>
            <Cd>CLBD</Cd>
          </CdOrPrtry>
        </Tp>
        <Amt Ccy="EUR">412773.16</Amt>
        <CdtDbtInd>CRDT</CdtDbtInd>
        <Dt>
          <Dt>2014-08-07</Dt>
        </Dt>
      </Bal>
      <TxsSummry>
        <TtlNtries>
          <NbOfNtries>15</NbOfNtries>
          <Sum>11988.22</Sum>
          <TtlNetNtryAmt>4793.58</TtlNetNtryAmt>
          <CdtDbtInd>DBIT</CdtDbtInd>
        </TtlNtries>
        <TtlCdtNtries>
          <NbOfNtries>8</NbOfNtries>
          <Sum>3597.32</Sum>
        </TtlCdtNtries>
        <TtlDbtNtries>
          <NbOfNtries>7</NbOfNtries>
          <Sum>8390.9</Sum>
        </TtlDbtNtries>
      </TxsSummry>
      <Ntry>
        <Amt Ccy="EUR">925.53</Amt>
        <CdtDbtInd>CRDT</CdtDbtInd>
        <RvslInd>false</RvslInd>
        <Sts>BOOK</Sts>
        <BookgDt>
          <Dt>2014-08-07</Dt>
        </BookgDt>
        <ValDt>
          <Dt>2014-08-07</Dt>
        </ValDt>
        <AcctSvcrRef>843881833</AcctSvcrRef>
        <BkTxCd>
          <Domn>
            <Cd>PMNT</Cd>
            <Fmly>
              <Cd>RCDT</Cd>
              <SubFmlyCd>ESCT</SubFmlyCd>
            </Fmly>
          </Domn>
          <Prtry>
            <Cd>0150000</Cd>
            <Issr>BBA</Issr>
          </Prtry>
        </BkTxCd>
        <NtryDtls>
          <TxDtls>
            <Refs>
              <EndToEndId>NOTPROVIDED</EndToEndId>
            </Refs>
            <BkTxCd>
              <Domn>
                <Cd>PMNT</Cd>
                <Fmly>
                  <Cd>RCDT</Cd>
                  <SubFmlyCd>ESCT</SubFmlyCd>
                </Fmly>
              </Domn>
              <Prtry>
                <Cd>0150000</Cd>
                <Issr>BBA</Issr>
              </Prtry>
            </BkTxCd>
            <RltdPties>
              <Dbtr>
                <Nm>WILSENS ANTHONY + BOETS AN</Nm>
                <PstlAdr>
                  <Ctry>BE</Ctry>
                  <AdrLine>SLUIZERBROEK 48</AdrLine>
                  <AdrLine>3700    SLUIZEN</AdrLine>
                </PstlAdr>
              </Dbtr>
              <DbtrAcct>
                <Id>
                  <IBAN>BE14731009817583</IBAN>
                </Id>
              </DbtrAcct>
            </RltdPties>
            <RltdAgts>
              <DbtrAgt>
                <FinInstnId>
                  <BIC>KREDBEBB</BIC>
                </FinInstnId>
              </DbtrAgt>
            </RltdAgts>
            <RmtInf>
              <Ustrd>LENING WILSENS BOETS</Ustrd>
            </RmtInf>
            <AddtlTxInf>/FREE/STORTING VAN 050814OL4481THS0/</AddtlTxInf>
          </TxDtls>
        </NtryDtls>
      </Ntry>
      <Ntry>
        <Amt Ccy="EUR">324.87</Amt>
        <CdtDbtInd>CRDT</CdtDbtInd>
        <RvslInd>false</RvslInd>
        <Sts>BOOK</Sts>
        <BookgDt>
          <Dt>2014-08-07</Dt>
        </BookgDt>
        <ValDt>
          <Dt>2014-08-07</Dt>
        </ValDt>
        <AcctSvcrRef>843936346</AcctSvcrRef>
        <BkTxCd>
          <Domn>
            <Cd>PMNT</Cd>
            <Fmly>
              <Cd>RCDT</Cd>
              <SubFmlyCd>ESCT</SubFmlyCd>
            </Fmly>
          </Domn>
          <Prtry>
            <Cd>0150000</Cd>
            <Issr>BBA</Issr>
          </Prtry>
        </BkTxCd>
        <NtryDtls>
          <TxDtls>
            <Refs>
              <EndToEndId>NOTPROVIDED</EndToEndId>
            </Refs>
            <BkTxCd>
              <Domn>
                <Cd>PMNT</Cd>
                <Fmly>
                  <Cd>RCDT</Cd>
                  <SubFmlyCd>ESCT</SubFmlyCd>
                </Fmly>
              </Domn>
              <Prtry>
                <Cd>0150000</Cd>
                <Issr>BBA</Issr>
              </Prtry>
            </BkTxCd>
            <RltdPties>
              <Dbtr>
                <Nm>BOVYN CAROLE</Nm>
                <PstlAdr>
                  <Ctry>BE</Ctry>
                  <AdrLine>G.Desmetstraat 32</AdrLine>
                  <AdrLine>9600 RONSE</AdrLine>
                </PstlAdr>
              </Dbtr>
              <DbtrAcct>
                <Id>
                  <IBAN>BE59001137385826</IBAN>
                </Id>
              </DbtrAcct>
            </RltdPties>
            <RltdAgts>
              <DbtrAgt>
                <FinInstnId>
                  <BIC>GEBABEBB</BIC>
                </FinInstnId>
              </DbtrAgt>
            </RltdAgts>
            <RmtInf>
              <Strd>
                <CdtrRefInf>
                  <Tp>
                    <CdOrPrtry>
                      <Cd>SCOR</Cd>
                    </CdOrPrtry>
                    <Issr>BBA</Issr>
                  </Tp>
                  <Ref>234010517156</Ref>
                </CdtrRefInf>
              </Strd>
            </RmtInf>
            <AddtlTxInf>/FREE/STORTING VAN VTBNPPF02010100319/</AddtlTxInf>
          </TxDtls>
        </NtryDtls>
      </Ntry>
      <Ntry>
        <Amt Ccy="EUR">205.72</Amt>
        <CdtDbtInd>CRDT</CdtDbtInd>
        <RvslInd>false</RvslInd>
        <Sts>BOOK</Sts>
        <BookgDt>
          <Dt>2014-08-07</Dt>
        </BookgDt>
        <ValDt>
          <Dt>2014-08-07</Dt>
        </ValDt>
        <AcctSvcrRef>843937822</AcctSvcrRef>
        <BkTxCd>
          <Domn>
            <Cd>PMNT</Cd>
            <Fmly>
              <Cd>RCDT</Cd>
              <SubFmlyCd>ESCT</SubFmlyCd>
            </Fmly>
          </Domn>
          <Prtry>
            <Cd>0150000</Cd>
            <Issr>BBA</Issr>
          </Prtry>
        </BkTxCd>
        <NtryDtls>
          <TxDtls>
            <Refs>
              <EndToEndId>NOTPROVIDED</EndToEndId>
            </Refs>
            <BkTxCd>
              <Domn>
                <Cd>PMNT</Cd>
                <Fmly>
                  <Cd>RCDT</Cd>
                  <SubFmlyCd>ESCT</SubFmlyCd>
                </Fmly>
              </Domn>
              <Prtry>
                <Cd>0150000</Cd>
                <Issr>BBA</Issr>
              </Prtry>
            </BkTxCd>
            <RltdPties>
              <Dbtr>
                <Nm>VAN MEERHAEGHE MIREILLE</Nm>
                <PstlAdr>
                  <Ctry>BE</Ctry>
                  <AdrLine>OpgeEistenstraat 81</AdrLine>
                  <AdrLine>9600 RONSE</AdrLine>
                </PstlAdr>
              </Dbtr>
              <DbtrAcct>
                <Id>
                  <IBAN>BE62001319293461</IBAN>
                </Id>
              </DbtrAcct>
            </RltdPties>
            <RltdAgts>
              <DbtrAgt>
                <FinInstnId>
                  <BIC>GEBABEBB</BIC>
                </FinInstnId>
              </DbtrAgt>
            </RltdAgts>
            <RmtInf>
              <Ustrd>KLANT NR 23 404 766</Ustrd>
            </RmtInf>
            <AddtlTxInf>/FREE/STORTING VAN VTBNPPF02010100903/</AddtlTxInf>
          </TxDtls>
        </NtryDtls>
      </Ntry>
      <Ntry>
        <Amt Ccy="EUR">390.97</Amt>
        <CdtDbtInd>CRDT</CdtDbtInd>
        <RvslInd>false</RvslInd>
        <Sts>BOOK</Sts>
        <BookgDt>
          <Dt>2014-08-07</Dt>
        </BookgDt>
        <ValDt>
          <Dt>2014-08-07</Dt>
        </ValDt>
        <AcctSvcrRef>844097469</AcctSvcrRef>
        <BkTxCd>
          <Domn>
            <Cd>PMNT</Cd>
            <Fmly>
              <Cd>RCDT</Cd>
              <SubFmlyCd>ESCT</SubFmlyCd>
            </Fmly>
          </Domn>
          <Prtry>
            <Cd>0150000</Cd>
            <Issr>BBA</Issr>
          </Prtry>
        </BkTxCd>
        <NtryDtls>
          <TxDtls>
            <Refs>
              <EndToEndId>NOTPROVIDED</EndToEndId>
            </Refs>
            <BkTxCd>
              <Domn>
                <Cd>PMNT</Cd>
                <Fmly>
                  <Cd>RCDT</Cd>
                  <SubFmlyCd>ESCT</SubFmlyCd>
                </Fmly>
              </Domn>
              <Prtry>
                <Cd>0150000</Cd>
                <Issr>BBA</Issr>
              </Prtry>
            </BkTxCd>
            <RltdPties>
              <Dbtr>
                <Nm>PIRENS INGRID</Nm>
                <PstlAdr>
                  <Ctry>BE</Ctry>
                  <AdrLine>Wiekstraat 24</AdrLine>
                  <AdrLine>3600     GENK</AdrLine>
                </PstlAdr>
              </Dbtr>
              <DbtrAcct>
                <Id>
                  <IBAN>BE22235008743247</IBAN>
                </Id>
              </DbtrAcct>
            </RltdPties>
            <RltdAgts>
              <DbtrAgt>
                <FinInstnId>
                  <BIC>GEBABEBB</BIC>
                </FinInstnId>
              </DbtrAgt>
            </RltdAgts>
            <RmtInf>
              <Ustrd>referentie 8009208</Ustrd>
            </RmtInf>
            <AddtlTxInf>/FREE/STORTING VAN 5714218EHQWO3SCS/</AddtlTxInf>
          </TxDtls>
        </NtryDtls>
      </Ntry>
      <Ntry>
        <Amt Ccy="EUR">412.02</Amt>
        <CdtDbtInd>CRDT</CdtDbtInd>
        <RvslInd>false</RvslInd>
        <Sts>BOOK</Sts>
        <BookgDt>
          <Dt>2014-08-07</Dt>
        </BookgDt>
        <ValDt>
          <Dt>2014-08-07</Dt>
        </ValDt>
        <AcctSvcrRef>844201793</AcctSvcrRef>
        <BkTxCd>
          <Domn>
            <Cd>PMNT</Cd>
            <Fmly>
              <Cd>RCDT</Cd>
              <SubFmlyCd>ESCT</SubFmlyCd>
            </Fmly>
          </Domn>
          <Prtry>
            <Cd>0150000</Cd>
            <Issr>BBA</Issr>
          </Prtry>
        </BkTxCd>
        <NtryDtls>
          <TxDtls>
            <Refs>
              <EndToEndId>NOTPROVIDED</EndToEndId>
            </Refs>
            <BkTxCd>
              <Domn>
                <Cd>PMNT</Cd>
                <Fmly>
                  <Cd>RCDT</Cd>
                  <SubFmlyCd>ESCT</SubFmlyCd>
                </Fmly>
              </Domn>
              <Prtry>
                <Cd>0150000</Cd>
                <Issr>BBA</Issr>
              </Prtry>
            </BkTxCd>
            <RltdPties>
              <Dbtr>
                <Nm>VAN CAELENBERG ELS</Nm>
                <PstlAdr>
                  <Ctry>BE</Ctry>
                  <AdrLine>VOLDERSSTRAAT, 265</AdrLine>
                  <AdrLine>9500 ONKERZELE</AdrLine>
                </PstlAdr>
              </Dbtr>
              <DbtrAcct>
                <Id>
                  <IBAN>BE57652822283735</IBAN>
                </Id>
              </DbtrAcct>
            </RltdPties>
            <RltdAgts>
              <DbtrAgt>
                <FinInstnId>
                  <BIC>HBKABE22</BIC>
                </FinInstnId>
              </DbtrAgt>
            </RltdAgts>
            <RmtInf>
              <Ustrd>234-00-04-982-68</Ustrd>
            </RmtInf>
            <AddtlTxInf>/FREE/STORTING VAN B4G14SRNNZ9Q6MIE/</AddtlTxInf>
          </TxDtls>
        </NtryDtls>
      </Ntry>
      <Ntry>
        <Amt Ccy="EUR">226.87</Amt>
        <CdtDbtInd>CRDT</CdtDbtInd>
        <RvslInd>false</RvslInd>
        <Sts>BOOK</Sts>
        <BookgDt>
          <Dt>2014-08-07</Dt>
        </BookgDt>
        <ValDt>
          <Dt>2014-08-07</Dt>
        </ValDt>
        <AcctSvcrRef>844201795</AcctSvcrRef>
        <BkTxCd>
          <Domn>
            <Cd>PMNT</Cd>
            <Fmly>
              <Cd>RCDT</Cd>
              <SubFmlyCd>ESCT</SubFmlyCd>
            </Fmly>
          </Domn>
          <Prtry>
            <Cd>0150000</Cd>
            <Issr>BBA</Issr>
          </Prtry>
        </BkTxCd>
        <NtryDtls>
          <TxDtls>
            <Refs>
              <EndToEndId>NOTPROVIDED</EndToEndId>
            </Refs>
            <BkTxCd>
              <Domn>
                <Cd>PMNT</Cd>
                <Fmly>
                  <Cd>RCDT</Cd>
                  <SubFmlyCd>ESCT</SubFmlyCd>
                </Fmly>
              </Domn>
              <Prtry>
                <Cd>0150000</Cd>
                <Issr>BBA</Issr>
              </Prtry>
            </BkTxCd>
            <RltdPties>
              <Dbtr>
                <Nm>VAN CAELENBERG ELS</Nm>
                <PstlAdr>
                  <Ctry>BE</Ctry>
                  <AdrLine>VOLDERSSTRAAT, 265</AdrLine>
                  <AdrLine>9500 ONKERZELE</AdrLine>
                </PstlAdr>
              </Dbtr>
              <DbtrAcct>
                <Id>
                  <IBAN>BE57652822283735</IBAN>
                </Id>
              </DbtrAcct>
            </RltdPties>
            <RltdAgts>
              <DbtrAgt>
                <FinInstnId>
                  <BIC>HBKABE22</BIC>
                </FinInstnId>
              </DbtrAgt>
            </RltdAgts>
            <RmtInf>
              <Ustrd>234-02-04-982-54</Ustrd>
            </RmtInf>
            <AddtlTxInf>/FREE/STORTING VAN B4G14SRNKK3Q6JU8/</AddtlTxInf>
          </TxDtls>
        </NtryDtls>
      </Ntry>
      <Ntry>
        <Amt Ccy="EUR">867.14</Amt>
        <CdtDbtInd>CRDT</CdtDbtInd>
        <RvslInd>false</RvslInd>
        <Sts>BOOK</Sts>
        <BookgDt>
          <Dt>2014-08-07</Dt>
        </BookgDt>
        <ValDt>
          <Dt>2014-08-07</Dt>
        </ValDt>
        <AcctSvcrRef>844207584</AcctSvcrRef>
        <BkTxCd>
          <Domn>
            <Cd>PMNT</Cd>
            <Fmly>
              <Cd>RCDT</Cd>
              <SubFmlyCd>ESCT</SubFmlyCd>
            </Fmly>
          </Domn>
          <Prtry>
            <Cd>0150000</Cd>
            <Issr>BBA</Issr>
          </Prtry>
        </BkTxCd>
        <NtryDtls>
          <TxDtls>
            <Refs>
              <EndToEndId>NOTPROVIDED</EndToEndId>
            </Refs>
            <BkTxCd>
              <Domn>
                <Cd>PMNT</Cd>
                <Fmly>
                  <Cd>RCDT</Cd>
                  <SubFmlyCd>ESCT</SubFmlyCd>
                </Fmly>
              </Domn>
              <Prtry>
                <Cd>0150000</Cd>
                <Issr>BBA</Issr>
              </Prtry>
            </BkTxCd>
            <RltdPties>
              <Dbtr>
                <Nm>De Wambersie - Mertens</Nm>
                <PstlAdr>
                  <Ctry>BE</Ctry>
                  <AdrLine>Elzeelsesteenweg 220</AdrLine>
                  <AdrLine>9600       Ronse</AdrLine>
                </PstlAdr>
              </Dbtr>
              <DbtrAcct>
                <Id>
                  <IBAN>BE46844029954536</IBAN>
                </Id>
              </DbtrAcct>
            </RltdPties>
            <RltdAgts>
              <DbtrAgt>
                <FinInstnId>
                  <BIC>RABOBE22</BIC>
                </FinInstnId>
              </DbtrAgt>
            </RltdAgts>
            <RmtInf>
              <Strd>
                <CdtrRefInf>
                  <Tp>
                    <CdOrPrtry>
                      <Cd>SCOR</Cd>
                    </CdOrPrtry>
                    <Issr>BBA</Issr>
                  </Tp>
                  <Ref>234010515742</Ref>
                </CdtrRefInf>
              </Strd>
            </RmtInf>
            <AddtlTxInf>/FREE/STORTING VAN B4H07SRA003A005N/</AddtlTxInf>
          </TxDtls>
        </NtryDtls>
      </Ntry>
      <Ntry>
        <Amt Ccy="EUR">1916.91</Amt>
        <CdtDbtInd>DBIT</CdtDbtInd>
        <RvslInd>true</RvslInd>
        <Sts>BOOK</Sts>
        <BookgDt>
          <Dt>2014-08-07</Dt>
        </BookgDt>
        <ValDt>
          <Dt>2014-08-06</Dt>
        </ValDt>
        <AcctSvcrRef>0819687472907</AcctSvcrRef>
        <BkTxCd>
          <Domn>
            <Cd>PMNT</Cd>
            <Fmly>
              <Cd>RDDT</Cd>
              <SubFmlyCd>PRDD</SubFmlyCd>
            </Fmly>
          </Domn>
          <Prtry>
            <Cd>0503000</Cd>
            <Issr>BBA</Issr>
          </Prtry>
        </BkTxCd>
        <NtryDtls>
          <Btch>
            <PmtInfId>VF/Eigen Huis/276/2014-08-05/RCUR</PmtInfId>
            <NbOfTxs>4</NbOfTxs>
            <TtlAmt Ccy="EUR">1916.91</TtlAmt>
            <CdtDbtInd>DBIT</CdtDbtInd>
          </Btch>
          <TxDtls>
            <Refs>
              <AcctSvcrRef>0819687472907</AcctSvcrRef>
              <EndToEndId>8010750</EndToEndId>
              <TxId>900112014080101742000000011</TxId>
              <MndtId>219000331675</MndtId>
            </Refs>
            <AmtDtls>
              <TxAmt>
                <Amt Ccy="EUR">353.86</Amt>
              </TxAmt>
            </AmtDtls>
            <BkTxCd>
              <Domn>
                <Cd>PMNT</Cd>
                <Fmly>
                  <Cd>RDDT</Cd>
                  <SubFmlyCd>PRDD</SubFmlyCd>
                </Fmly>
              </Domn>
              <Prtry>
                <Cd>0503000</Cd>
                <Issr>BBA</Issr>
              </Prtry>
            </BkTxCd>
            <RltdPties>
              <Cdtr>
                <Nm>KOZLARLI Ramazan</Nm>
              </Cdtr>
              <CdtrAcct>
                <Id>
                  <IBAN>BE04001129577831</IBAN>
                </Id>
              </CdtrAcct>
            </RltdPties>
            <RltdAgts>
              <CdtrAgt>
                <FinInstnId>
                  <BIC>GEBABEBB</BIC>
                </FinInstnId>
              </CdtrAgt>
            </RltdAgts>
            <RtrInf>
              <Rsn>
                <Cd>MS03</Cd>
              </Rsn>
            </RtrInf>
            <AddtlTxInf>/BKSC/127/060814112BE31ZZZ0400941184                  219000331675                       219-00-03316-75                                               2MS03/</AddtlTxInf>
          </TxDtls>
          <TxDtls>
            <Refs>
              <AcctSvcrRef>0819687472907</AcctSvcrRef>
              <EndToEndId>8010751</EndToEndId>
              <TxId>900112014080101742000000012</TxId>
              <MndtId>219000332584</MndtId>
            </Refs>
            <AmtDtls>
              <TxAmt>
                <Amt Ccy="EUR">390.97</Amt>
              </TxAmt>
            </AmtDtls>
            <BkTxCd>
              <Domn>
                <Cd>PMNT</Cd>
                <Fmly>
                  <Cd>RDDT</Cd>
                  <SubFmlyCd>PRDD</SubFmlyCd>
                </Fmly>
              </Domn>
              <Prtry>
                <Cd>0503000</Cd>
                <Issr>BBA</Issr>
              </Prtry>
            </BkTxCd>
            <RltdPties>
              <Cdtr>
                <Nm>LE PERA PINO</Nm>
              </Cdtr>
              <CdtrAcct>
                <Id>
                  <IBAN>BE73001145236560</IBAN>
                </Id>
              </CdtrAcct>
            </RltdPties>
            <RltdAgts>
              <CdtrAgt>
                <FinInstnId>
                  <BIC>GEBABEBB</BIC>
                </FinInstnId>
              </CdtrAgt>
            </RltdAgts>
            <RtrInf>
              <Rsn>
                <Cd>MS03</Cd>
              </Rsn>
            </RtrInf>
            <AddtlTxInf>/BKSC/127/060814112BE31ZZZ0400941184                  219000332584                       219-00-03325-84                                               2MS03/</AddtlTxInf>
          </TxDtls>
          <TxDtls>
            <Refs>
              <AcctSvcrRef>0819687472907</AcctSvcrRef>
              <EndToEndId>8010778</EndToEndId>
              <TxId>900112014080101742000000039</TxId>
              <MndtId>219000341880</MndtId>
            </Refs>
            <AmtDtls>
              <TxAmt>
                <Amt Ccy="EUR">695.5</Amt>
              </TxAmt>
            </AmtDtls>
            <BkTxCd>
              <Domn>
                <Cd>PMNT</Cd>
                <Fmly>
                  <Cd>RDDT</Cd>
                  <SubFmlyCd>PRDD</SubFmlyCd>
                </Fmly>
              </Domn>
              <Prtry>
                <Cd>0503000</Cd>
                <Issr>BBA</Issr>
              </Prtry>
            </BkTxCd>
            <RltdPties>
              <Cdtr>
                <Nm>ELSEN KRIS</Nm>
              </Cdtr>
              <CdtrAcct>
                <Id>
                  <IBAN>BE86235006677450</IBAN>
                </Id>
              </CdtrAcct>
            </RltdPties>
            <RltdAgts>
              <CdtrAgt>
                <FinInstnId>
                  <BIC>GEBABEBB</BIC>
                </FinInstnId>
              </CdtrAgt>
            </RltdAgts>
            <RtrInf>
              <Rsn>
                <Cd>MS03</Cd>
              </Rsn>
            </RtrInf>
            <AddtlTxInf>/BKSC/127/060814112BE31ZZZ0400941184                  219000341880                       219-00-03418-80                                               2MS03/</AddtlTxInf>
          </TxDtls>
          <TxDtls>
            <Refs>
              <AcctSvcrRef>0819687472907</AcctSvcrRef>
              <EndToEndId>8010841</EndToEndId>
              <TxId>900112014080101742000000102</TxId>
              <MndtId>219010351775</MndtId>
            </Refs>
            <AmtDtls>
              <TxAmt>
                <Amt Ccy="EUR">476.58</Amt>
              </TxAmt>
            </AmtDtls>
            <BkTxCd>
              <Domn>
                <Cd>PMNT</Cd>
                <Fmly>
                  <Cd>RDDT</Cd>
                  <SubFmlyCd>PRDD</SubFmlyCd>
                </Fmly>
              </Domn>
              <Prtry>
                <Cd>0503000</Cd>
                <Issr>BBA</Issr>
              </Prtry>
            </BkTxCd>
            <RltdPties>
              <Cdtr>
                <Nm>Mylle Vanessa</Nm>
              </Cdtr>
              <CdtrAcct>
                <Id>
                  <IBAN>BE21001078000103</IBAN>
                </Id>
              </CdtrAcct>
            </RltdPties>
            <RltdAgts>
              <CdtrAgt>
                <FinInstnId>
                  <BIC>GEBABEBB</BIC>
                </FinInstnId>
              </CdtrAgt>
            </RltdAgts>
            <RtrInf>
              <Rsn>
                <Cd>MS03</Cd>
              </Rsn>
            </RtrInf>
            <AddtlTxInf>/BKSC/127/060814112BE31ZZZ0400941184                  219010351775                       219-01-03517-75                                               2MS03/</AddtlTxInf>
          </TxDtls>
        </NtryDtls>
      </Ntry>
      <Ntry>
        <Amt Ccy="EUR">1076.38</Amt>
        <CdtDbtInd>DBIT</CdtDbtInd>
        <RvslInd>true</RvslInd>
        <Sts>BOOK</Sts>
        <BookgDt>
          <Dt>2014-08-07</Dt>
        </BookgDt>
        <ValDt>
          <Dt>2014-08-06</Dt>
        </ValDt>
        <AcctSvcrRef>0819687472908</AcctSvcrRef>
        <BkTxCd>
          <Domn>
            <Cd>PMNT</Cd>
            <Fmly>
              <Cd>RDDT</Cd>
              <SubFmlyCd>PRDD</SubFmlyCd>
            </Fmly>
          </Domn>
          <Prtry>
            <Cd>0503000</Cd>
            <Issr>BBA</Issr>
          </Prtry>
        </BkTxCd>
        <NtryDtls>
          <Btch>
            <PmtInfId>VF/Eigen Huis/278/2014-08-05/RCUR</PmtInfId>
            <NbOfTxs>1</NbOfTxs>
            <TtlAmt Ccy="EUR">1076.38</TtlAmt>
            <CdtDbtInd>DBIT</CdtDbtInd>
          </Btch>
          <TxDtls>
            <Refs>
              <AcctSvcrRef>0819687472908</AcctSvcrRef>
              <EndToEndId>8010487</EndToEndId>
              <TxId>900112014080101743000000034</TxId>
              <MndtId>953930084869</MndtId>
            </Refs>
            <AmtDtls>
              <TxAmt>
                <Amt Ccy="EUR">1076.38</Amt>
              </TxAmt>
            </AmtDtls>
            <BkTxCd>
              <Domn>
                <Cd>PMNT</Cd>
                <Fmly>
                  <Cd>RDDT</Cd>
                  <SubFmlyCd>PRDD</SubFmlyCd>
                </Fmly>
              </Domn>
              <Prtry>
                <Cd>0503000</Cd>
                <Issr>BBA</Issr>
              </Prtry>
            </BkTxCd>
            <RltdPties>
              <Cdtr>
                <Nm>Sahin Kadir</Nm>
              </Cdtr>
              <CdtrAcct>
                <Id>
                  <IBAN>BE20953044706356</IBAN>
                </Id>
              </CdtrAcct>
            </RltdPties>
            <RltdAgts>
              <CdtrAgt>
                <FinInstnId>
                  <BIC>CTBKBEBX</BIC>
                </FinInstnId>
              </CdtrAgt>
            </RltdAgts>
            <RtrInf>
              <Rsn>
                <Cd>MS03</Cd>
              </Rsn>
            </RtrInf>
            <AddtlTxInf>/BKSC/127/060814112BE31ZZZ0400941184                  953930084869                       159-00-01973-89                                               2MS03/</AddtlTxInf>
          </TxDtls>
        </NtryDtls>
      </Ntry>
      <Ntry>
        <Amt Ccy="EUR">328.71</Amt>
        <CdtDbtInd>DBIT</CdtDbtInd>
        <RvslInd>true</RvslInd>
        <Sts>BOOK</Sts>
        <BookgDt>
          <Dt>2014-08-07</Dt>
        </BookgDt>
        <ValDt>
          <Dt>2014-08-06</Dt>
        </ValDt>
        <AcctSvcrRef>0819687472909</AcctSvcrRef>
        <BkTxCd>
          <Domn>
            <Cd>PMNT</Cd>
            <Fmly>
              <Cd>RDDT</Cd>
              <SubFmlyCd>PRDD</SubFmlyCd>
            </Fmly>
          </Domn>
          <Prtry>
            <Cd>0503000</Cd>
            <Issr>BBA</Issr>
          </Prtry>
        </BkTxCd>
        <NtryDtls>
          <Btch>
            <PmtInfId>VF/Eigen Huis/275/2014-08-05/RCUR</PmtInfId>
            <NbOfTxs>1</NbOfTxs>
            <TtlAmt Ccy="EUR">328.71</TtlAmt>
            <CdtDbtInd>DBIT</CdtDbtInd>
          </Btch>
          <TxDtls>
            <Refs>
              <AcctSvcrRef>0819687472909</AcctSvcrRef>
              <EndToEndId>8010387</EndToEndId>
              <TxId>900112014080101745000000021</TxId>
              <MndtId>048742375920</MndtId>
            </Refs>
            <AmtDtls>
              <TxAmt>
                <Amt Ccy="EUR">328.71</Amt>
              </TxAmt>
            </AmtDtls>
            <BkTxCd>
              <Domn>
                <Cd>PMNT</Cd>
                <Fmly>
                  <Cd>RDDT</Cd>
                  <SubFmlyCd>PRDD</SubFmlyCd>
                </Fmly>
              </Domn>
              <Prtry>
                <Cd>0503000</Cd>
                <Issr>BBA</Issr>
              </Prtry>
            </BkTxCd>
            <RltdPties>
              <Cdtr>
                <Nm>JOORIS FILIP</Nm>
              </Cdtr>
              <CdtrAcct>
                <Id>
                  <IBAN>BE95001379549558</IBAN>
                </Id>
              </CdtrAcct>
            </RltdPties>
            <RltdAgts>
              <CdtrAgt>
                <FinInstnId>
                  <BIC>GEBABEBB</BIC>
                </FinInstnId>
              </CdtrAgt>
            </RltdAgts>
            <RtrInf>
              <Rsn>
                <Cd>MS03</Cd>
              </Rsn>
            </RtrInf>
            <AddtlTxInf>/BKSC/127/060814112BE31ZZZ0400941184                  048742375920                       251-00-01179-79                                               2MS03/</AddtlTxInf>
          </TxDtls>
        </NtryDtls>
      </Ntry>
      <Ntry>
        <Amt Ccy="EUR">5038.9</Amt>
        <CdtDbtInd>DBIT</CdtDbtInd>
        <RvslInd>true</RvslInd>
        <Sts>BOOK</Sts>
        <BookgDt>
          <Dt>2014-08-07</Dt>
        </BookgDt>
        <ValDt>
          <Dt>2014-08-06</Dt>
        </ValDt>
        <AcctSvcrRef>0819687472910</AcctSvcrRef>
        <BkTxCd>
          <Domn>
            <Cd>PMNT</Cd>
            <Fmly>
              <Cd>RDDT</Cd>
              <SubFmlyCd>PRDD</SubFmlyCd>
            </Fmly>
          </Domn>
          <Prtry>
            <Cd>0503000</Cd>
            <Issr>BBA</Issr>
          </Prtry>
        </BkTxCd>
        <NtryDtls>
          <Btch>
            <PmtInfId>VF/Eigen Huis/280/2014-08-05/RCUR</PmtInfId>
            <NbOfTxs>10</NbOfTxs>
            <TtlAmt Ccy="EUR">5038.9</TtlAmt>
            <CdtDbtInd>DBIT</CdtDbtInd>
          </Btch>
          <TxDtls>
            <Refs>
              <AcctSvcrRef>0819687472910</AcctSvcrRef>
              <EndToEndId>8010706</EndToEndId>
              <TxId>900112014080101748000000186</TxId>
              <MndtId>363-0812373-38</MndtId>
            </Refs>
            <AmtDtls>
              <TxAmt>
                <Amt Ccy="EUR">1036.31</Amt>
              </TxAmt>
            </AmtDtls>
            <BkTxCd>
              <Domn>
                <Cd>PMNT</Cd>
                <Fmly>
                  <Cd>RDDT</Cd>
                  <SubFmlyCd>PRDD</SubFmlyCd>
                </Fmly>
              </Domn>
              <Prtry>
                <Cd>0503000</Cd>
                <Issr>BBA</Issr>
              </Prtry>
            </BkTxCd>
            <RltdPties>
              <Cdtr>
                <Nm>DE H BRIAN SCHIEPERS</Nm>
              </Cdtr>
              <CdtrAcct>
                <Id>
                  <IBAN>BE24363081237338</IBAN>
                </Id>
              </CdtrAcct>
            </RltdPties>
            <RltdAgts>
              <CdtrAgt>
                <FinInstnId>
                  <BIC>BBRUBEBB</BIC>
                </FinInstnId>
              </CdtrAgt>
            </RltdAgts>
            <RtrInf>
              <Rsn>
                <Cd>MS03</Cd>
              </Rsn>
            </RtrInf>
            <AddtlTxInf>/BKSC/127/060814112BE31ZZZ0400941184                  363-0812373-38                     088-01-02752-24                                               2MS03/</AddtlTxInf>
          </TxDtls>
          <TxDtls>
            <Refs>
              <AcctSvcrRef>0819687472910</AcctSvcrRef>
              <EndToEndId>8010717</EndToEndId>
              <TxId>900112014080101748000000197</TxId>
              <MndtId>038-9520213-29</MndtId>
            </Refs>
            <AmtDtls>
              <TxAmt>
                <Amt Ccy="EUR">574.83</Amt>
              </TxAmt>
            </AmtDtls>
            <BkTxCd>
              <Domn>
                <Cd>PMNT</Cd>
                <Fmly>
                  <Cd>RDDT</Cd>
                  <SubFmlyCd>PRDD</SubFmlyCd>
                </Fmly>
              </Domn>
              <Prtry>
                <Cd>0503000</Cd>
                <Issr>BBA</Issr>
              </Prtry>
            </BkTxCd>
            <RltdPties>
              <Cdtr>
                <Nm>HUYBRECHTS MARIO</Nm>
              </Cdtr>
              <CdtrAcct>
                <Id>
                  <IBAN>BE79001656210433</IBAN>
                </Id>
              </CdtrAcct>
            </RltdPties>
            <RltdAgts>
              <CdtrAgt>
                <FinInstnId>
                  <BIC>GEBABEBB</BIC>
                </FinInstnId>
              </CdtrAgt>
            </RltdAgts>
            <RtrInf>
              <Rsn>
                <Cd>MS03</Cd>
              </Rsn>
            </RtrInf>
            <AddtlTxInf>/BKSC/127/060814112BE31ZZZ0400941184                  038-9520213-29                     088-01-02762-34                                               2MS03/</AddtlTxInf>
          </TxDtls>
          <TxDtls>
            <Refs>
              <AcctSvcrRef>0819687472910</AcctSvcrRef>
              <EndToEndId>8010722</EndToEndId>
              <TxId>900112014080101748000000202</TxId>
              <MndtId>363-0818741-04</MndtId>
            </Refs>
            <AmtDtls>
              <TxAmt>
                <Amt Ccy="EUR">849.44</Amt>
              </TxAmt>
            </AmtDtls>
            <BkTxCd>
              <Domn>
                <Cd>PMNT</Cd>
                <Fmly>
                  <Cd>RDDT</Cd>
                  <SubFmlyCd>PRDD</SubFmlyCd>
                </Fmly>
              </Domn>
              <Prtry>
                <Cd>0503000</Cd>
                <Issr>BBA</Issr>
              </Prtry>
            </BkTxCd>
            <RltdPties>
              <Cdtr>
                <Nm>MME BARBARA KAMINSKA</Nm>
              </Cdtr>
              <CdtrAcct>
                <Id>
                  <IBAN>BE10363081874104</IBAN>
                </Id>
              </CdtrAcct>
            </RltdPties>
            <RltdAgts>
              <CdtrAgt>
                <FinInstnId>
                  <BIC>BBRUBEBB</BIC>
                </FinInstnId>
              </CdtrAgt>
            </RltdAgts>
            <RtrInf>
              <Rsn>
                <Cd>MS03</Cd>
              </Rsn>
            </RtrInf>
            <AddtlTxInf>/BKSC/127/060814112BE31ZZZ0400941184                  363-0818741-04                     088-01-02767-39                                               2MS03/</AddtlTxInf>
          </TxDtls>
          <TxDtls>
            <Refs>
              <AcctSvcrRef>0819687472910</AcctSvcrRef>
              <EndToEndId>8010572</EndToEndId>
              <TxId>900112014080101748000000053</TxId>
              <MndtId>048-9345600-97</MndtId>
            </Refs>
            <AmtDtls>
              <TxAmt>
                <Amt Ccy="EUR">317.07</Amt>
              </TxAmt>
            </AmtDtls>
            <BkTxCd>
              <Domn>
                <Cd>PMNT</Cd>
                <Fmly>
                  <Cd>RDDT</Cd>
                  <SubFmlyCd>PRDD</SubFmlyCd>
                </Fmly>
              </Domn>
              <Prtry>
                <Cd>0503000</Cd>
                <Issr>BBA</Issr>
              </Prtry>
            </BkTxCd>
            <RltdPties>
              <Cdtr>
                <Nm>SKIBOWSKI MARIE-THERESE</Nm>
              </Cdtr>
              <CdtrAcct>
                <Id>
                  <IBAN>BE47001341760580</IBAN>
                </Id>
              </CdtrAcct>
            </RltdPties>
            <RltdAgts>
              <CdtrAgt>
                <FinInstnId>
                  <BIC>GEBABEBB</BIC>
                </FinInstnId>
              </CdtrAgt>
            </RltdAgts>
            <RtrInf>
              <Rsn>
                <Cd>MS03</Cd>
              </Rsn>
            </RtrInf>
            <AddtlTxInf>/BKSC/127/060814112BE31ZZZ0400941184                  048-9345600-97                     088-00-02560-33                                               2MS03/</AddtlTxInf>
          </TxDtls>
          <TxDtls>
            <Refs>
              <AcctSvcrRef>0819687472910</AcctSvcrRef>
              <EndToEndId>8010609</EndToEndId>
              <TxId>900112014080101748000000090</TxId>
              <MndtId>038-1752555-34</MndtId>
            </Refs>
            <AmtDtls>
              <TxAmt>
                <Amt Ccy="EUR">488.44</Amt>
              </TxAmt>
            </AmtDtls>
            <BkTxCd>
              <Domn>
                <Cd>PMNT</Cd>
                <Fmly>
                  <Cd>RDDT</Cd>
                  <SubFmlyCd>PRDD</SubFmlyCd>
                </Fmly>
              </Domn>
              <Prtry>
                <Cd>0503000</Cd>
                <Issr>BBA</Issr>
              </Prtry>
            </BkTxCd>
            <RltdPties>
              <Cdtr>
                <Nm>DAEMEN KIM</Nm>
              </Cdtr>
              <CdtrAcct>
                <Id>
                  <IBAN>BE59001391186326</IBAN>
                </Id>
              </CdtrAcct>
            </RltdPties>
            <RltdAgts>
              <CdtrAgt>
                <FinInstnId>
                  <BIC>GEBABEBB</BIC>
                </FinInstnId>
              </CdtrAgt>
            </RltdAgts>
            <RtrInf>
              <Rsn>
                <Cd>MS03</Cd>
              </Rsn>
            </RtrInf>
            <AddtlTxInf>/BKSC/127/060814112BE31ZZZ0400941184                  038-1752555-34                     088-00-02646-22                                               2MS03/</AddtlTxInf>
          </TxDtls>
          <TxDtls>
            <Refs>
              <AcctSvcrRef>0819687472910</AcctSvcrRef>
              <EndToEndId>8010616</EndToEndId>
              <TxId>900112014080101748000000097</TxId>
              <MndtId>038-3116927-04</MndtId>
            </Refs>
            <AmtDtls>
              <TxAmt>
                <Amt Ccy="EUR">859.33</Amt>
              </TxAmt>
            </AmtDtls>
            <BkTxCd>
              <Domn>
                <Cd>PMNT</Cd>
                <Fmly>
                  <Cd>RDDT</Cd>
                  <SubFmlyCd>PRDD</SubFmlyCd>
                </Fmly>
              </Domn>
              <Prtry>
                <Cd>0503000</Cd>
                <Issr>BBA</Issr>
              </Prtry>
            </BkTxCd>
            <RltdPties>
              <Cdtr>
                <Nm>DANIELS MARCO</Nm>
              </Cdtr>
              <CdtrAcct>
                <Id>
                  <IBAN>BE38001509327272</IBAN>
                </Id>
              </CdtrAcct>
            </RltdPties>
            <RltdAgts>
              <CdtrAgt>
                <FinInstnId>
                  <BIC>GEBABEBB</BIC>
                </FinInstnId>
              </CdtrAgt>
            </RltdAgts>
            <RtrInf>
              <Rsn>
                <Cd>MS03</Cd>
              </Rsn>
            </RtrInf>
            <AddtlTxInf>/BKSC/127/060814112BE31ZZZ0400941184                  038-3116927-04                     088-00-02654-30                                               2MS03/</AddtlTxInf>
          </TxDtls>
          <TxDtls>
            <Refs>
              <AcctSvcrRef>0819687472910</AcctSvcrRef>
              <EndToEndId>8010679</EndToEndId>
              <TxId>900112014080101748000000160</TxId>
              <MndtId>335-0602504-83</MndtId>
            </Refs>
            <AmtDtls>
              <TxAmt>
                <Amt Ccy="EUR">672.91</Amt>
              </TxAmt>
            </AmtDtls>
            <BkTxCd>
              <Domn>
                <Cd>PMNT</Cd>
                <Fmly>
                  <Cd>RDDT</Cd>
                  <SubFmlyCd>PRDD</SubFmlyCd>
                </Fmly>
              </Domn>
              <Prtry>
                <Cd>0503000</Cd>
                <Issr>BBA</Issr>
              </Prtry>
            </BkTxCd>
            <RltdPties>
              <Cdtr>
                <Nm>MR FRANK KAYTU</Nm>
              </Cdtr>
              <CdtrAcct>
                <Id>
                  <IBAN>BE14335060250483</IBAN>
                </Id>
              </CdtrAcct>
            </RltdPties>
            <RltdAgts>
              <CdtrAgt>
                <FinInstnId>
                  <BIC>BBRUBEBB</BIC>
                </FinInstnId>
              </CdtrAgt>
            </RltdAgts>
            <RtrInf>
              <Rsn>
                <Cd>MS03</Cd>
              </Rsn>
            </RtrInf>
            <AddtlTxInf>/BKSC/127/060814112BE31ZZZ0400941184                  335-0602504-83                     088-01-02721-90                                               2MS03/</AddtlTxInf>
          </TxDtls>
          <TxDtls>
            <Refs>
              <AcctSvcrRef>0819687472910</AcctSvcrRef>
              <EndToEndId>8010688</EndToEndId>
              <TxId>900112014080101748000000169</TxId>
              <MndtId>335-0602504-83</MndtId>
            </Refs>
            <AmtDtls>
              <TxAmt>
                <Amt Ccy="EUR">102.66</Amt>
              </TxAmt>
            </AmtDtls>
            <BkTxCd>
              <Domn>
                <Cd>PMNT</Cd>
                <Fmly>
                  <Cd>RDDT</Cd>
                  <SubFmlyCd>PRDD</SubFmlyCd>
                </Fmly>
              </Domn>
              <Prtry>
                <Cd>0503000</Cd>
                <Issr>BBA</Issr>
              </Prtry>
            </BkTxCd>
            <RltdPties>
              <Cdtr>
                <Nm>MR FRANK KAYTU</Nm>
              </Cdtr>
              <CdtrAcct>
                <Id>
                  <IBAN>BE14335060250483</IBAN>
                </Id>
              </CdtrAcct>
            </RltdPties>
            <RltdAgts>
              <CdtrAgt>
                <FinInstnId>
                  <BIC>BBRUBEBB</BIC>
                </FinInstnId>
              </CdtrAgt>
            </RltdAgts>
            <RtrInf>
              <Rsn>
                <Cd>MS03</Cd>
              </Rsn>
            </RtrInf>
            <AddtlTxInf>/BKSC/127/060814112BE31ZZZ0400941184                  335-0602504-83                     088-01-02732-04                                               2MS03/</AddtlTxInf>
          </TxDtls>
          <TxDtls>
            <Refs>
              <AcctSvcrRef>0819687472910</AcctSvcrRef>
              <EndToEndId>8010694</EndToEndId>
              <TxId>900112014080101748000000174</TxId>
              <MndtId>335-0602504-83</MndtId>
            </Refs>
            <AmtDtls>
              <TxAmt>
                <Amt Ccy="EUR">81.44</Amt>
              </TxAmt>
            </AmtDtls>
            <BkTxCd>
              <Domn>
                <Cd>PMNT</Cd>
                <Fmly>
                  <Cd>RDDT</Cd>
                  <SubFmlyCd>PRDD</SubFmlyCd>
                </Fmly>
              </Domn>
              <Prtry>
                <Cd>0503000</Cd>
                <Issr>BBA</Issr>
              </Prtry>
            </BkTxCd>
            <RltdPties>
              <Cdtr>
                <Nm>MR FRANK KAYTU</Nm>
              </Cdtr>
              <CdtrAcct>
                <Id>
                  <IBAN>BE14335060250483</IBAN>
                </Id>
              </CdtrAcct>
            </RltdPties>
            <RltdAgts>
              <CdtrAgt>
                <FinInstnId>
                  <BIC>BBRUBEBB</BIC>
                </FinInstnId>
              </CdtrAgt>
            </RltdAgts>
            <RtrInf>
              <Rsn>
                <Cd>MS03</Cd>
              </Rsn>
            </RtrInf>
            <AddtlTxInf>/BKSC/127/060814112BE31ZZZ0400941184                  335-0602504-83                     088-01-02740-12                                               2MS03/</AddtlTxInf>
          </TxDtls>
          <TxDtls>
            <Refs>
              <AcctSvcrRef>0819687472910</AcctSvcrRef>
              <EndToEndId>8010702</EndToEndId>
              <TxId>900112014080101748000000182</TxId>
              <MndtId>335-0602504-83</MndtId>
            </Refs>
            <AmtDtls>
              <TxAmt>
                <Amt Ccy="EUR">56.47</Amt>
              </TxAmt>
            </AmtDtls>
            <BkTxCd>
              <Domn>
                <Cd>PMNT</Cd>
                <Fmly>
                  <Cd>RDDT</Cd>
                  <SubFmlyCd>PRDD</SubFmlyCd>
                </Fmly>
              </Domn>
              <Prtry>
                <Cd>0503000</Cd>
                <Issr>BBA</Issr>
              </Prtry>
            </BkTxCd>
            <RltdPties>
              <Cdtr>
                <Nm>MR FRANK KAYTU</Nm>
              </Cdtr>
              <CdtrAcct>
                <Id>
                  <IBAN>BE14335060250483</IBAN>
                </Id>
              </CdtrAcct>
            </RltdPties>
            <RltdAgts>
              <CdtrAgt>
                <FinInstnId>
                  <BIC>BBRUBEBB</BIC>
                </FinInstnId>
              </CdtrAgt>
            </RltdAgts>
            <RtrInf>
              <Rsn>
                <Cd>MS03</Cd>
              </Rsn>
            </RtrInf>
            <AddtlTxInf>/BKSC/127/060814112BE31ZZZ0400941184                  335-0602504-83                     088-01-02748-20                                               2MS03/</AddtlTxInf>
          </TxDtls>
        </NtryDtls>
      </Ntry>
      <Ntry>
        <Amt Ccy="EUR">244.2</Amt>
        <CdtDbtInd>CRDT</CdtDbtInd>
        <RvslInd>false</RvslInd>
        <Sts>BOOK</Sts>
        <BookgDt>
          <Dt>2014-08-07</Dt>
        </BookgDt>
        <ValDt>
          <Dt>2014-08-07</Dt>
        </ValDt>
        <AcctSvcrRef>844274786</AcctSvcrRef>
        <BkTxCd>
          <Domn>
            <Cd>PMNT</Cd>
            <Fmly>
              <Cd>RCDT</Cd>
              <SubFmlyCd>ESCT</SubFmlyCd>
            </Fmly>
          </Domn>
          <Prtry>
            <Cd>0150000</Cd>
            <Issr>BBA</Issr>
          </Prtry>
        </BkTxCd>
        <NtryDtls>
          <TxDtls>
            <Refs>
              <EndToEndId>NOTPROVIDED</EndToEndId>
            </Refs>
            <BkTxCd>
              <Domn>
                <Cd>PMNT</Cd>
                <Fmly>
                  <Cd>RCDT</Cd>
                  <SubFmlyCd>ESCT</SubFmlyCd>
                </Fmly>
              </Domn>
              <Prtry>
                <Cd>0150000</Cd>
                <Issr>BBA</Issr>
              </Prtry>
            </BkTxCd>
            <RltdPties>
              <Dbtr>
                <Nm>VANCOPPENOLLE GLADYS</Nm>
                <PstlAdr>
                  <Ctry>BE</Ctry>
                  <AdrLine>Mgr Beylsstraat 106</AdrLine>
                  <AdrLine>9600     RONSE</AdrLine>
                </PstlAdr>
              </Dbtr>
              <DbtrAcct>
                <Id>
                  <IBAN>BE75001341447251</IBAN>
                </Id>
              </DbtrAcct>
            </RltdPties>
            <RltdAgts>
              <DbtrAgt>
                <FinInstnId>
                  <BIC>GEBABEBB</BIC>
                </FinInstnId>
              </DbtrAgt>
            </RltdAgts>
            <RmtInf>
              <Strd>
                <CdtrRefInf>
                  <Tp>
                    <CdOrPrtry>
                      <Cd>SCOR</Cd>
                    </CdOrPrtry>
                    <Issr>BBA</Issr>
                  </Tp>
                  <Ref>088000279372</Ref>
                </CdtrRefInf>
              </Strd>
            </RmtInf>
            <AddtlTxInf>/FREE/STORTING VAN 6614218EIFLC0SCS/</AddtlTxInf>
          </TxDtls>
        </NtryDtls>
      </Ntry>
      <Ntry>
        <Amt Ccy="EUR">10</Amt>
        <CdtDbtInd>DBIT</CdtDbtInd>
        <RvslInd>false</RvslInd>
        <Sts>BOOK</Sts>
        <BookgDt>
          <Dt>2014-08-07</Dt>
        </BookgDt>
        <ValDt>
          <Dt>2014-08-07</Dt>
        </ValDt>
        <AcctSvcrRef>0801487001361</AcctSvcrRef>
        <BkTxCd>
          <Domn>
            <Cd>LDAS</Cd>
            <Fmly>
              <Cd>NTLN</Cd>
              <SubFmlyCd>CHRG</SubFmlyCd>
            </Fmly>
          </Domn>
          <Prtry>
            <Cd>1337000</Cd>
            <Issr>BBA</Issr>
          </Prtry>
        </BkTxCd>
        <NtryDtls>
          <TxDtls>
            <RmtInf>
              <Ustrd>lening 11</Ustrd>
            </RmtInf>
            <AddtlTxInf>/FREE/BEHEERSKOSTEN 090730228376000011/</AddtlTxInf>
          </TxDtls>
        </NtryDtls>
      </Ntry>
      <Ntry>
        <Amt Ccy="EUR">10</Amt>
        <CdtDbtInd>DBIT</CdtDbtInd>
        <RvslInd>false</RvslInd>
        <Sts>BOOK</Sts>
        <BookgDt>
          <Dt>2014-08-07</Dt>
        </BookgDt>
        <ValDt>
          <Dt>2014-08-07</Dt>
        </ValDt>
        <AcctSvcrRef>0801487001362</AcctSvcrRef>
        <BkTxCd>
          <Domn>
            <Cd>LDAS</Cd>
            <Fmly>
              <Cd>NTLN</Cd>
              <SubFmlyCd>CHRG</SubFmlyCd>
            </Fmly>
          </Domn>
          <Prtry>
            <Cd>1337000</Cd>
            <Issr>BBA</Issr>
          </Prtry>
        </BkTxCd>
        <NtryDtls>
          <TxDtls>
            <RmtInf>
              <Ustrd>lening 12</Ustrd>
            </RmtInf>
            <AddtlTxInf>/FREE/BEHEERSKOSTEN 090730228376000012/</AddtlTxInf>
          </TxDtls>
        </NtryDtls>
      </Ntry>
      <Ntry>
        <Amt Ccy="EUR">10</Amt>
        <CdtDbtInd>DBIT</CdtDbtInd>
        <RvslInd>false</RvslInd>
        <Sts>BOOK</Sts>
        <BookgDt>
          <Dt>2014-08-07</Dt>
        </BookgDt>
        <ValDt>
          <Dt>2014-08-07</Dt>
        </ValDt>
        <AcctSvcrRef>0801487001363</AcctSvcrRef>
        <BkTxCd>
          <Domn>
            <Cd>LDAS</Cd>
            <Fmly>
              <Cd>NTLN</Cd>
              <SubFmlyCd>CHRG</SubFmlyCd>
            </Fmly>
          </Domn>
          <Prtry>
            <Cd>1337000</Cd>
            <Issr>BBA</Issr>
          </Prtry>
        </BkTxCd>
        <NtryDtls>
          <TxDtls>
            <RmtInf>
              <Ustrd>trim. beheerskosten lening 53</Ustrd>
            </RmtInf>
            <AddtlTxInf>/FREE/BEHEERSKOSTEN 090730228376000053/</AddtlTxInf>
          </TxDtls>
        </NtryDtls>
      </Ntry>
    </Stmt>
  </BkToCstmrStmt>
</Document>
